@book{LR2007,
  title={Nonparametric Econometrics: Theory and Practice},
  author={Li, Q. and Racine, J.S.},
  year={2007},
  publisher={Princeton University Press}
}
@book{FG1996,
  author = {Fan, J. and Gijbels, I.},
  title = {Local Polynomial Modelling and its Applications},
  edition = {1.},
  series = {Monographs on Statistics and Applied Probability},
  publisher = {Chapman \& Hall/CRC},
  volume = {66},
  year = {1996}
}
@book{WJ1994,
  title={Kernel Smoothing},
  author={Wand, M.P. and Jones, M.C.},
  volume={60},
  year={1994},
  publisher={Chapman \& Hall/CRC}
}
@book{H2014,
  title={Analysis of Panel Data},
  author={Hsiao, C.},
  year={2014},
  publisher={Cambridge university press}
}
@book{G2003,
  title={Econometric Analysis},
  author={Greene, W.H.},
  year={2003},
  publisher={Pearson}
}
@book{B2008,
  title={Econometric Analysis of Panel Data},
  author={Baltagi, B.},
  year={2008},
  publisher={John Wiley \& Sons}
}
@book{GH2006,
  title={Data Analysis Using Regression and Multilevel/Hierarchical Models},
  author={Gelman, A. and Hill, J.},
  year={2006},
  publisher={Cambridge University Press}
}
@book{VM2000,
  title={Linear Mixed Models for Longitudinal Data},
  author={Verbeke, G. and Molenberghs, G.},
  year={2000},
  publisher={Springer}
}
@book{GB2013,
  title={Linear Mixed-Effects Models Using R: A Step-by-Step Approach},
  author={Ga{\l}ecki, A. and Burzykowski, T.},
  booktitle={Linear Mixed-Effects Models Using R},
  year={2013},
  publisher={Springer}
}
@book{W2014,
  title={Asymptotic Theory for Cconometricians},
  author={White, H.},
  year={2014},
  publisher={Academic press}
}
@article{RW2005,
  title={Exact and approximate stepdown methods for multiple hypothesis testing},
  author={Romano, J.P. and Wolf, M.},
  journal={Journal of the American Statistical Association},
  volume={100},
  number={469},
  pages={94--108},
  year={2005},
  publisher={Taylor \& Francis}
}
@book{BHW2010,
   title =     {Multiple Comparisons Using R},
   author =    {F. Bretz, T. Hothorn, P. Westfall},
   publisher = {Chapman and Hall/CRC},
   year =      {2010}
}
@book{HT1987,
   title =     {Multiple Comparison Procedures},
   author =    {Y. Hochberg, A.C. Tamhane},
   publisher = {Wiley Series in Probability and Statistics},
   year =      {1987}
}
@book{HTW2015,
  title={Statistical Learning with Sparsity: The Lasso and Generalizations},
  author={Hastie, T. and Tibshirani, R. and Wainwright, M.},
  year={2015},
  publisher={CRC press}
}